<?xml version="1.0" encoding="UTF-8"?><record xmlns="http://www.loc.gov/MARC21/slim" xmlns:cinclude="http://apache.org/cocoon/include/1.0" xmlns:zs="http://www.loc.gov/zing/srw/">
  <leader>00439cz  a2200133n  4500</leader>
  <controlfield tag="001">n  87818173 </controlfield>
  <controlfield tag="003">DLC</controlfield>
  <controlfield tag="005">20080320080346.0</controlfield>
  <controlfield tag="008">870324n| acannaabn          |n aad      </controlfield>
  <datafield tag="010" ind1=" " ind2=" ">
    <subfield code="a">n  87818173 </subfield>
  </datafield>
  <datafield tag="035" ind1=" " ind2=" ">
    <subfield code="a">(OCoLC)oca01816614</subfield>
  </datafield>
  <datafield tag="040" ind1=" " ind2=" ">
    <subfield code="a">DLC</subfield>
    <subfield code="b">eng</subfield>
    <subfield code="c">DLC</subfield>
    <subfield code="d">OCoLC</subfield>
  </datafield>
  <datafield tag="100" ind1="1" ind2=" ">
    <subfield code="a">Leonardi, Frank</subfield>
  </datafield>
  <datafield tag="670" ind1=" " ind2=" ">
    <subfield code="a">nuc87-25162: Wallace, K. Seasonal changes in the strength of rural road ... 1978</subfield>
    <subfield code="b">(hdg. on NN rept.: Leonardi, Frank; usage: Frank Leonardi)</subfield>
  </datafield>
</record>